<record><leader>00000cas a22000007a 4500</leader><controlfield tag="001">25324294</controlfield><controlfield tag="008">920224d19071926njuwr ne      0    0eng d</controlfield><datafield ind1=" " ind2=" " tag="010"><subfield code="a">sn 92059905 </subfield></datafield><datafield ind1=" " ind2=" " tag="040"><subfield code="a">NJW</subfield><subfield code="b">eng</subfield><subfield code="c">NJW</subfield><subfield code="d">OCL</subfield><subfield code="d">OCLCQ</subfield></datafield><datafield ind1="0" ind2=" " tag="130"><subfield code="a">Ventnor news (Ventnor City, N.J. : 1907)</subfield></datafield><datafield ind1="1" ind2="0" tag="245"><subfield code="a">Ventnor news.</subfield></datafield><datafield ind1=" " ind2=" " tag="260"><subfield code="a">Ventnor City, N.J. :</subfield><subfield code="b">Ventnor Pub. Co.</subfield></datafield><datafield ind1=" " ind2=" " tag="300"><subfield code="a">v.</subfield></datafield><datafield ind1=" " ind2=" " tag="310"><subfield code="a">Weekly</subfield></datafield><datafield ind1="0" ind2=" " tag="362"><subfield code="a">Vol. 1, no. 1 (June 15, 1907)-v. 19, no. 45 (Apr. 7, 1926).</subfield></datafield><datafield ind1=" " ind2=" " tag="515"><subfield code="a">Vol. 1, no. 1 (June 15, 1907)-v. 1, no. 2 (June 22, 1907) called also old ser., v. 2, no. 45-v. 2, no. 46.</subfield></datafield><datafield ind1=" " ind2=" " tag="752"><subfield code="a">United States</subfield><subfield code="b">New Jersey</subfield><subfield code="c">Atlantic</subfield><subfield code="d">Ventnor City.</subfield></datafield><datafield ind1="0" ind2="5" tag="780"><subfield code="t">Somers Point record</subfield></datafield><datafield ind1="0" ind2="0" tag="785"><subfield code="t">Atlantic City times</subfield></datafield></record>